<?xml version="1.0" encoding="UTF-8"?><collection xmlns="http://www.loc.gov/MARC21/slim"><record><leader>00476nam--2200145-i-4500</leader><controlfield tag="001">000000155</controlfield><controlfield tag="002">20161230</controlfield><controlfield tag="005">20161230201023</controlfield><controlfield tag="008">060222s1000------------r-----000-0-eng-d</controlfield><datafield ind1=" " ind2=" " tag="080"><subfield code="a">535.33(016)</subfield></datafield><datafield ind1=" " ind2=" " tag="100"><subfield code="a">Fuhr, J.R., Wiese, Land W., Roszman, L.J</subfield></datafield><datafield ind1=" " ind2=" " tag="245"><subfield code="a">Bibliography on atomic line shapes and shifts 1889 through march 1972</subfield></datafield><datafield ind1=" " ind2=" " tag="260"><subfield code="a">Washington, National Bureau Of Standards. X + 154 P</subfield></datafield><datafield ind1=" " ind2=" " tag="490"><subfield code="a">National Bureau Of Standards Special Publication</subfield></datafield><datafield ind1=" " ind2=" " tag="852"><subfield code="a">D.1354</subfield></datafield></record></collection>